@online{skatteverket,
	year = 2020,
	title = {Avdrag för värdeminskning},
	url = {https://www.skatteverket.se/foretagochorganisationer/drivaforetag/enskildnaringsverksamhet/avdragforvardeminskning.4.361dc8c15312eff6fd32110.html}
}

@online{speedledger,
	year = 2020,
	title = {Skillnaden mellan faktureringsmetoden och kontantmetoden},
	url = {https://www.speedledger.se/om-bokforing/bokforingstips/skillnaden-mellan-kontantmetoden-och-faktureringsmetoden/}
}
